@inproceedings{ma2019efficient,
  title={Efficient super resolution using binarized neural network},
  author={Ma, Yinglan and Xiong, Hongyu and Hu, Zhe and Ma, Lizhuang},
  booktitle={Proceedings of the IEEE/CVF Conference on Computer Vision and Pattern Recognition Workshops},
  pages={0--0},
  year={2019}
}

@article{xia2022basic,
  title={Basic Binary Convolution Unit for Binarized Image Restoration Network},
  author={Xia, Bin and Zhang, Yulun and Wang, Yitong and Tian, Yapeng and Yang, Wenming and Timofte, Radu and Van Gool, Luc},
  journal={arXiv preprint arXiv:2210.00405},
  year={2022}
}

@inproceedings{qin2020forward,
  title={Forward and backward information retention for accurate binary neural networks},
  author={Qin, Haotong and Gong, Ruihao and Liu, Xianglong and Shen, Mingzhu and Wei, Ziran and Yu, Fengwei and Song, Jingkuan},
  booktitle={Proceedings of the IEEE/CVF conference on computer vision and pattern recognition},
  pages={2250--2259},
  year={2020}
}

@article{xue2022ir2net,
  title={IR2Net: Information Restriction and Information Recovery for Accurate Binary Neural Networks},
  author={Xue, Ping and Lu, Yang and Chang, Jingfei and Wei, Xing and Wei, Zhen},
  journal={arXiv preprint arXiv:2210.02637},
  year={2022}
}